@online{kaggle,
url = {https://www.kaggle.com/datasets/shawon10/ckplus},
title = {CKPLUS | Kaggle},
author = {Ashadullah Shawon},
year = {2017}
}

@online{legal,
url = {https://shorturl.at/zPSTU},
title = {The Use Of Facial Recognition Technology By Law Enforcement And Its Impact On Civil Liberties},
author = {Indrajeet Singh},
year = {2023}
}

@online{opencv,
url = {https://docs.opencv.org/4.x/d9/df8/tutorial_root.html},
title = {OpenCV: OpenCV Tutorials},
author = {},
year = {2023}
}

@online{scikitlearn,
url = {https://scikit-learn.org/stable/},
title = {scikit-learn: machine learning in Python â€” scikit-learn 1.3.0 documentation},
author = {},
year = {2023}
}

@online{keras,
url = {https://keras.io/},
title = {Keras: Deep Learning for humans},
author = {},
year = {2023}
}